<?xml version="1.0" encoding="UTF-8"?><record xmlns="http://www.loc.gov/MARC21/slim" xmlns:cinclude="http://apache.org/cocoon/include/1.0" xmlns:zs="http://www.loc.gov/zing/srw/">
  <leader>00992nz  a2200169n  4500</leader>
  <controlfield tag="001">no2012079820</controlfield>
  <controlfield tag="003">DLC</controlfield>
  <controlfield tag="005">20120612074945.0</controlfield>
  <controlfield tag="008">120610n| acannaabn          |n aaa     c</controlfield>
  <datafield tag="010" ind1=" " ind2=" ">
    <subfield code="a">no2012079820</subfield>
  </datafield>
  <datafield tag="035" ind1=" " ind2=" ">
    <subfield code="a">(OCoLC)oca09221835</subfield>
  </datafield>
  <datafield tag="040" ind1=" " ind2=" ">
    <subfield code="a">MoSU-L</subfield>
    <subfield code="b">eng</subfield>
    <subfield code="c">MoSU-L</subfield>
  </datafield>
  <datafield tag="100" ind1="1" ind2=" ">
    <subfield code="a">Renner, Peter Awoonor</subfield>
  </datafield>
  <datafield tag="667" ind1=" " ind2=" ">
    <subfield code="a">Cannot identify with: Renner, Peter, b. 1861; address in 1885: Freetown, Sierra Leone.</subfield>
  </datafield>
  <datafield tag="670" ind1=" " ind2=" ">
    <subfield code="a">Reports, notes of cases &amp; proceedings and judgments in appeals, etc., and references under rules, orders &amp; ordinances relating to the Gold Coast Colony, and the colony of Nigeria, from 1861 to 1914, 1915:</subfield>
    <subfield code="b">v. 1, pt. 1, t.p. (Peter Awoonor Renner, of Lincoln's Inn, Barrister-at-law, and of the University of London; practitioner of the Supreme Court, Gold Coast Colony, leader of the bar, President of the Gold Coast Bar)</subfield>
  </datafield>
  <datafield tag="670" ind1=" " ind2=" ">
    <subfield code="a">British Library integrated catalogue, viewed June 10, 2012</subfield>
    <subfield code="b">(hdg.: Renner, Peter Awoonor)</subfield>
  </datafield>
  <datafield tag="675" ind1=" " ind2=" ">
    <subfield code="a">Who was who, a cumulated index, 1897-1980</subfield>
  </datafield>
</record>